<record><leader>00000cas a22000007a 4500</leader><controlfield tag="001">13499309</controlfield><controlfield tag="008">860426d19191928pauwr ne      0    0eng d</controlfield><datafield ind1=" " ind2=" " tag="010"><subfield code="a">sn 87080076 </subfield></datafield><datafield ind1=" " ind2=" " tag="040"><subfield code="a">NPH</subfield><subfield code="b">eng</subfield><subfield code="c">NPH</subfield><subfield code="d">OCLCQ</subfield></datafield><datafield ind1=" " ind2=" " tag="042"><subfield code="a">msc</subfield></datafield><datafield ind1="0" ind2="4" tag="245"><subfield code="a">The Weekly bulletin and tri-county farm news.</subfield></datafield><datafield ind1="3" ind2="0" tag="246"><subfield code="a">Dillsburg bulletin</subfield></datafield><datafield ind1="1" ind2="7" tag="246"><subfield code="a">Weekly bulletin</subfield></datafield><datafield ind1=" " ind2=" " tag="260"><subfield code="a">Dillsburg, York Co., Pa. :</subfield><subfield code="b">Bulletin Pub. Co.,</subfield><subfield code="c">1919-1928.</subfield></datafield><datafield ind1="1" ind2=" " tag="362"><subfield code="a">Began with v. 45, no. 10 (Dec. 5, 1919).</subfield></datafield><datafield ind1="0" ind2=" " tag="362"><subfield code="a">-v. 53, no. 7 (Dec. 14, 1928).</subfield></datafield><datafield ind1=" " ind2=" " tag="588"><subfield code="a">Description based on: Vol. 45, no. 11 (Dec. 12, 1919).</subfield></datafield><datafield ind1=" " ind2=" " tag="752"><subfield code="a">United States</subfield><subfield code="b">Pennsylvania</subfield><subfield code="c">York</subfield><subfield code="d">Dillsburg.</subfield></datafield><datafield ind1="0" ind2="0" tag="780"><subfield code="t">Dillsburg weekly bulletin</subfield><subfield code="w">(DLC)sn 87080074</subfield></datafield><datafield ind1="0" ind2="0" tag="785"><subfield code="t">Weekly bulletin (Dillsburg, Pa.)</subfield><subfield code="w">(DLC)sn 87080075</subfield></datafield><datafield ind1="1" ind2=" " tag="029"><subfield code="a">AU@</subfield><subfield code="b">000025810941</subfield></datafield></record>